@Misc{CI12,
author = {Erika Cule and Maria De Iorio},
title = {A semi-automatic method to guide the choice of ridge parameter in ridge regression},
howpublished = {\url{http://arxiv.org/abs/1205.0686}},
month = {May},
year = {2012},
}
@Misc{GEE10,
author = {Raja Giryes and Michael Elad and Yonina C. Eldar},
title = {The Projected {G}{S}{U}{R}{E} for Automatic Parameter Tuning in Iterative Shrinkage Methods},
howpublished = {\url{http://arxiv.org/abs/1003.3985
}},
month = {March},
year = {2010},
}
@TechReport{BBGH07,
author = {Mustafa Baz and J. Paul Brooks and Abhijit Gosavi and Brady Hunsaker},
title = {Automated Tuning of Optimzation Software Parameters},
institution = {University of Pittsburgh Department of Industrial Engineering},
year = {2007},
}

@Misc{MTJ13,
author = {Lester Mackey and Ameet Talkwalker and Michael I. Jordan},
title = {Distributed Matrix Completion and Robust Factorization},
howpublished = {\url{http://arxiv.org/abs/1107.0789}},
month = {October},
year = {2013},
}

@Article{TY10,
author = {Kim-Chuan Toh and Sangwoon Yun},
title = {An accelerated proximal gradient algorithm for nuclear norm regularized linear least squares problems},
journal = {Pacific Journal of Optimization},
year = {2010},
}

@Misc{HMT10,
author = {N. Halko and P.G. Martinsson and J.A. Tropp},
title = {Finding Structure with Randomness: Probabilistic Algorithms for constructing approximate matrix decompositions},
howpublished = {\url{http://arxiv.org/pdf/0909.4061.pdf}},
month = {December},
year = {2010},
}

@InProceedings{A67,
author = {Gene Amdahl},
year={1967},
title = {Validity of the single processor approach to achieving large-scale computing capabilities},
booktitle = {AFIPS Conference Proceedings},
pages = {483--485},
}
@InProceedings{SLA12,
author = {Jasper Snoek and Hugo Larochelle and Ryan P. Adams},
year={2012},
title = {Practical Bayesian Optimization of Machine Learning Algorithms},
booktitle = {NIPS Poster proceedings},
}
@InProceedings{CH05,
author = {Benoit Calvez and Guillaume Hutzler},
year={2005},
title={Automatic tuning of agent-based models using genetic algorithms},
booktitle={MABS},
}
@InProceedings{AST09,
author={Carlos Ansotegui and Meinolf Sellman and Kevin Tierney},
year={2009},
title={A Gender-Based Genetic Algorithm for the automatic configuration of algorithms},
booktitle={Principles and Practice of Constraint Programming},
}
@InProceedings{KTDGFJ13,
author={Tim Kraska and Ameet Talwalkar and John Duchi and Rean Griffith and Michael Franklin and Michael Jordan},
year={2013},
title={MLBase: A distributed Machine-learning System},
booktitle={CIDR 2013},
}
@Misc{V13,
author = {Shivaram Venkataraman},
note = {located in a private git repository},
}
